@techreport{algol-bnf,
  author = {Naur, P. and Backus, J. W. and Bauer, F.L. and Green, J. and Katz, C.
  and McCarthy, J. and Perlis, A. J. and Rutishauser, H. and Samuelson, K. and
  Vauquois, B. and Wegstein, J.H. and van Wijngaarden, A. and M. Woodger},
  editor = {Naur, P.},
  title = " Revised Report on the Algorithmic Language ALGOL 60",
  publisher = "Communications ACM",
  journal = "The Computer Journal",
  volume = "9",
  pages = "349",
  year = "1963"
}

@article{turing-machine,
  author = {A. M. Turing},
  title = {On computable numbers with an application to the Entscheidungsproblem},
  journal = {Proceedings of the London Mathematical Society},
  volume = {42(2)},
  pages = {230-265},
  year = {1936}
}

@article{sos,
  author = {Gordon D. Plotkin},
  title = {A Structural Approach to Operational Semantics},
  journal = {Journal of Logic and Algebraic Programming},
  volume = {60-61},
  month = {January}, 
  publisher = {Citeseer},
  pages = {17-139},
  year = {2004}
}

@article{kildall,
  author = {Kildall, Gary A.},
  title = "A unified approach to global program optimization",
  journal = "Proceedings of the 1st annual ACM SIGACT-SIGPLAN symposium on Principles of programming languages",
  address = "Boston, Massachusetts",
  pages = "194-206",
  volume= {},
  year = "1973"
}

@proceedings{shivers,
  author = {Shivers, O.},
  title = "Control flow analysis in scheme",
  journal = "Proceedings of the ACM SIGPLAN 1988 conference on Programming Language design and Implementation",
  ISBN = "0-89791-269-1",
  address = "Atlanta, Georgia, United States",
  pages = "164-174",
  year = "1988"
}

@book{jones-lambda-cfg,
  author = {Jones, Neil D.},
  editor = {Shimon, Even and Oded, Kariv},
  title = "Flow analysis of lambda expressions",
  booktitle = "Automata, Languages and Programming, Lecture Notes in Computer Science",
  publisher = "Springer",
  address = "Berlin, Germany",
  ISBN = "978-3-540-10843-6",
  pages = "114-128",
  volume = "115",
  year = "1981"
}

@article{complexity-of-loop-programs,
  author = "Meyer, Albert R. and Ritchie, Dennis M.",
  title = "The complexity of loop programs",
  journal = "Proceedings of the 1967 22nd national conference",
  address = "Washington, D.C., United States",
  pages = "465-469",
  year = "1967"
}

@article{size-change,
 author = {Lee, Chin Soon and Jones, Neil D. and Ben-Amram, Amir M.},
 title = {The size-change principle for program termination},
 journal = {SIGPLAN Not.},
 volume = {36},
 issue = {3},
 month = {January},
 year = {2001},
 pages = {81--92},
 numpages = {12},
 publisher = {ACM},
 address = {New York, NY, USA},
 keywords = {PSPACE-completeness, omega automaton, partial evaluation, program analysis, termination},
}

@article{reingold-tilford,
  author = {Reingold, E. M. and Tilford, J. S.},
  title = {Tidier Drawings of Trees},
  journal = {IEEE Trans. Softw. Eng.},
  volume = {7},
  issue = {2},
  month = {March},
  year = {1981},
  issn = {0098-5589},
  pages = {223--228},
  publisher = {IEEE Press},
  address = {Piscataway, NJ, USA},
  keywords = {tree structures, Data structures, trees}
}

@article{dependency-pairs,
title = "Termination of term rewriting using dependency pairs",
journal = "Theoretical Computer Science",
volume = "236",
number = "1–2",
pages = "133 - 178",
year = "2000",
note = "",
issn = "0304-3975",
doi = "10.1016/S0304-3975(99)00207-8",
author = "Thomas Arts and Jürgen Giesl",
keywords = "Termination",
keywords = "Term rewriting",
keywords = "Dependency pairs",
keywords = "Verification",
keywords = "Automated theorem proving"
}

@incollection {term-graph-rewriting,
   author = {Barendregt, H. and van Eekelen, M. and Glauert, J. and Kennaway, J. and Plasmeijer, M. and Sleep, M.},
   affiliation = {University of Nijmegen Nijmegen The Netherlands Nijmegen The Netherlands},
   title = {Term graph rewriting},
   booktitle = {PARLE Parallel Architectures and Languages Europe},
   series = {Lecture Notes in Computer Science},
   editor = {de Bakker, J. and Nijman, A. and Treleaven, P.},
   publisher = {Springer Berlin / Heidelberg},
   isbn = {978-3-540-17945-0},
   keyword = {Computer Science},
   pages = {141-158},
   volume = {259},
   note = {10.1007/3-540-17945-3\_8},
   year = {1987}
}

@incollection {bound-analysis,
   author = {Avery, James},
   affiliation = {Dep. of Computer Science, University of Copenhagen (DIKU)},
   title = {Size-Change Termination and Bound Analysis},
   booktitle = {Functional and Logic Programming},
   series = {Lecture Notes in Computer Science},
   editor = {Hagiya, Masami and Wadler, Philip},
   publisher = {Springer Berlin / Heidelberg},
   isbn = {978-3-540-33438-5},
   keyword = {Computer Science},
   pages = {192-207},
   volume = {3945},
   year = {2006}
}

@incollection {size-change-for-term,
   author = {Thiemann, René and Giesl, Jürgen},
   affiliation = {RWTH Aachen LuFG Informatik II Ahornstr. 55 52074 Aachen Germany},
   title = {Size-Change Termination for Term Rewriting},
   booktitle = {Rewriting Techniques and Applications},
   series = {Lecture Notes in Computer Science},
   editor = {Nieuwenhuis, Robert},
   publisher = {Springer Berlin / Heidelberg},
   isbn = {978-3-540-40254-1},
   keyword = {Computer Science},
   pages = {264-278},
   volume = {2706},
   year = {2003}
}

@incollection {heaps,
   author = {Berdine, Josh and Cook, Byron and Distefano, Dino and O’Hearn, Peter},
   affiliation = {Microsoft Research},
   title = {Automatic Termination Proofs for Programs with Shape-Shifting Heaps},
   booktitle = {Computer Aided Verification},
   series = {Lecture Notes in Computer Science},
   editor = {Ball, Thomas and Jones, Robert},
   publisher = {Springer Berlin / Heidelberg},
   isbn = {978-3-540-37406-0},
   keyword = {Computer Science},
   pages = {386-400},
   volume = {4144},
   year = {2006}
}

@incollection {sct-untyped-lambda,
   author = {Jones, Neil and Bohr, Nina},
   affiliation = {DIKU, University of Copenhagen},
   title = {Termination Analysis of the Untyped Lambda Calculus},
   booktitle = {Rewriting Techniques and Applications},
   series = {Lecture Notes in Computer Science},
   editor = {van Oostrom, Vincent},
   publisher = {Springer Berlin / Heidelberg},
   isbn = {978-3-540-22153-1},
   keyword = {Computer Science},
   pages = {1-23},
   volume = {3091},
   year = {2004}
}

@incollection {sct-higher-order,
   author = {Sereni, Damien and Jones, Neil},
   affiliation = {Oxford University Computing Laboratory},
   title = {Termination Analysis of Higher-Order Functional Programs},
   booktitle = {Programming Languages and Systems},
   series = {Lecture Notes in Computer Science},
   editor = {Yi, Kwangkeun},
   publisher = {Springer Berlin / Heidelberg},
   isbn = {978-3-540-29735-2},
   keyword = {Computer Science},
   pages = {281-297},
   volume = {3780},
   year = {2005}
}
